<?xml version="1.0" encoding="utf-8"?>
<record xmlns="http://www.loc.gov/MARC21/slim" xmlns:xsi="http://www.w3.org/2001/XMLSchema-instance" xsi:schemaLocation="http://www.loc.gov/MARC21/slim http://www.loc.gov/standards/marcxml/schema/MARC21slim.xsd">
	<leader>     nam a22     Mi 4500</leader>
	<controlfield tag="001">32234</controlfield>
	<controlfield tag="003">NNC</controlfield>
	<controlfield tag="006">m        d        </controlfield>
	<controlfield tag="007">cr cn |||m|||a</controlfield>
	<controlfield tag="008">190509s1927    ua      o     000 0 ara d</controlfield>
	<datafield ind1=" " ind2=" " tag="040">
		<subfield code="a">ZYU</subfield>
		<subfield code="b">ara</subfield>
		<subfield code="e">rda</subfield>
		<subfield code="c">ZYU</subfield>
	</datafield>
	<datafield ind1="1" ind2=" " tag="100">
		<subfield code="6">880-01</subfield>
		<subfield code="a">Ghazzī, Muḥammad ibn Qāsim,</subfield>
		<subfield code="d">1454 or 1455-1512 or 1513.</subfield>
	</datafield>
	<datafield ind1="1" ind2="0" tag="240">
		<subfield code="6">880-02</subfield>
		<subfield code="a">Fatḥ al-qarīb al-mujīb</subfield>
	</datafield>
	<datafield ind1="1" ind2="0" tag="245">
		<subfield code="6">880-03</subfield>
		<subfield code="a">Kitāb sharḥ Shams al-Dīn Abī Allāh Muḥammad ibn Qāsim al-Ghazzī al-musammá Fatḥ al-qarīb al-mujīb ʻalá al-kitāb al-musammá bi-al-Taqrīb aw al-Qawl al-mukhtār fī sharḥ Ghāyat al-ikhtiṣār ʻalá madhhab al-Imām al-Shāfiʻī :</subfield>
		<subfield code="b">wa-qad jaʻalnā al-matn al-madhkūr lil-Imām Abī al-Ṭayyib Shihāb al-Millah wa-al-Dīn Aḥmad ibn al-Ḥusayn ibn Aḥmad al-Iṣfahānī al-Shahīrbābī Shujāʻ.</subfield>
	</datafield>
	<datafield ind1="3" ind2=" " tag="246">
		<subfield code="6">880-04</subfield>
		<subfield code="a">Kitāb sharḥ Shams al-Dīn Abī ʻAbd Allāh ...</subfield>
	</datafield>
	<datafield ind1="3" ind2=" " tag="246">
		<subfield code="6">880-05</subfield>
		<subfield code="a">Fatḥ al-qarīb al-mujīb</subfield>
	</datafield>
	<datafield ind1="3" ind2=" " tag="246">
		<subfield code="6">880-06</subfield>
		<subfield code="a">Qawl al-mukhtār</subfield>
	</datafield>
	<datafield ind1=" " ind2=" " tag="250">
		<subfield code="6">880-07</subfield>
		<subfield code="a">al-Ṭabʻah 3.</subfield>
	</datafield>
	<datafield ind1=" " ind2=" " tag="260">
		<subfield code="6">880-08</subfield>
		<subfield code="a">[Cairo] :</subfield>
		<subfield code="b">Maṭbaʻat al-Kamāl,</subfield>
		<subfield code="c">1927.</subfield>
	</datafield>
	<datafield ind1=" " ind2=" " tag="300">
		<subfield code="a">online resource (168 pages)</subfield>
	</datafield>
	<datafield ind1=" " ind2=" " tag="336">
		<subfield code="a">text</subfield>
		<subfield code="2">rdacontent</subfield>
	</datafield>
	<datafield ind1=" " ind2=" " tag="337">
		<subfield code="a">computer</subfield>
		<subfield code="2">rdamedia</subfield>
	</datafield>
	<datafield ind1=" " ind2=" " tag="338">
		<subfield code="a">online resource</subfield>
		<subfield code="2">rdacarrier</subfield>
	</datafield>
	<datafield ind1=" " ind2=" " tag="500">
		<subfield code="a">Binder's title: Sharḥ al-Ghazzī.</subfield>
	</datafield>
	<datafield ind1=" " ind2=" " tag="500">
		<subfield code="a">Part of the Arabic Collections Online (ACO) project, contributed by Columbia University Libraries.</subfield>
	</datafield>
	<datafield ind1=" " ind2=" " tag="533">
		<subfield code="a">Electronic reproduction.</subfield>
		<subfield code="b">New York, N.Y. :</subfield>
		<subfield code="c">New York University,</subfield>
		<subfield code="d">2019.</subfield>
		<subfield code="5">NNU</subfield>
	</datafield>
	<datafield ind1=" " ind2="0" tag="650">
		<subfield code="a">Islamic law.</subfield>
	</datafield>
	<datafield ind1=" " ind2="0" tag="650">
		<subfield code="a">Shafiites.</subfield>
	</datafield>
	<datafield ind1=" " ind2="7" tag="650">
		<subfield code="a">Islamic law.</subfield>
		<subfield code="2">fast</subfield>
		<subfield code="0">(OCoLC)fst00979949</subfield>
	</datafield>
	<datafield ind1=" " ind2="7" tag="650">
		<subfield code="a">Shafiites.</subfield>
		<subfield code="2">fast</subfield>
		<subfield code="0">(OCoLC)fst01115053</subfield>
	</datafield>
	<datafield ind1="1" ind2="2" tag="700">
		<subfield code="6">880-09</subfield>
		<subfield code="a">Abū Shujāʻ al-Iṣfahānī, Aḥmad ibn al-Ḥusayn,</subfield>
		<subfield code="d">approximately 1042-</subfield>
		<subfield code="t">Mukhtaṣar fī al-fiqh ʻalá madhhab al-Shāfiʻī.</subfield>
	</datafield>
	<datafield ind1="2" ind2=" " tag="710">
		<subfield code="a">Columbia University.</subfield>
		<subfield code="b">Libraries.</subfield>
	</datafield>
	<datafield ind1="0" ind2=" " tag="730">
		<subfield code="a">Arabic Collections Online.</subfield>
	</datafield>
	<datafield ind1="0" ind2="8" tag="776">
		<subfield code="i">Print version:</subfield>
		<subfield code="a">Ghazzī, Muḥammad ibn Qāsim, 1454 or 1455-1512 or 1513.</subfield>
		<subfield code="t">Kitāb sharḥ Shams al-Dīn Abī Allāh Muḥammad ibn Qāsim al-Ghazzī al-musammá Fatḥ al-qarīb al-mujīb ʻalá al-kitāb al-musammá bi-al-Taqrīb aw al-Qawl al-mukhtār fī sharḥ Ghāyat al-ikhtiṣār ʻalá madhhab al-Imām al-Shāfiʻī</subfield>
		<subfield code="w">(NNC)32234</subfield>
		<subfield code="w">(OCoLC)40223384</subfield>
	</datafield>
	<datafield ind1="4" ind2="0" tag="856">
		<subfield code="u">http://hdl.handle.net/2333.1/9cnp5s34</subfield>
	</datafield>
	<datafield ind1="1" ind2=" " tag="880">
		<subfield code="6">100-01</subfield>
		<subfield code="a">غزي، محمد بن قاسم، </subfield>
		<subfield code="d">1454 or 1455-1512 or 1513.</subfield>
	</datafield>
	<datafield ind1="1" ind2="0" tag="880">
		<subfield code="6">240-02</subfield>
		<subfield code="a">فتح القريب المجيب</subfield>
	</datafield>
	<datafield ind1="1" ind2="0" tag="880">
		<subfield code="6">245-03</subfield>
		<subfield code="a">كتاب شرح شمس الدين ابي الله محمد بن قاسم الغزي المسمى فتح القريب المجيب على الكتاب المسمى بالتقريب او القول المختار في شرح غاية الاختصار على مذهب الامام الشافعي :</subfield>
		<subfield code="b">وقد جعلنا المتن المذكور للامام ابي الطيب شهاب الملة والدين احمد بن الحسين بن احمد الاصفهاني الشهيربابي شجاع.</subfield>
	</datafield>
	<datafield ind1="3" ind2=" " tag="880">
		<subfield code="6">246-04</subfield>
		<subfield code="a">كتاب شرح شمس الدين ابي عبد الله ...</subfield>
	</datafield>
	<datafield ind1="3" ind2=" " tag="880">
		<subfield code="6">246-05</subfield>
		<subfield code="a">فتح القريب المجيب</subfield>
	</datafield>
	<datafield ind1="3" ind2=" " tag="880">
		<subfield code="6">246-06</subfield>
		<subfield code="a">قول المختار</subfield>
	</datafield>
	<datafield ind1=" " ind2=" " tag="880">
		<subfield code="6">250-07</subfield>
		<subfield code="a">الطبعة 3.</subfield>
	</datafield>
	<datafield ind1=" " ind2=" " tag="880">
		<subfield code="6">260-08</subfield>
		<subfield code="a">[Cairo] :</subfield>
		<subfield code="b">مطبعة الكمال،</subfield>
		<subfield code="c">1927.</subfield>
	</datafield>
	<datafield ind1="1" ind2="2" tag="880">
		<subfield code="6">700-09</subfield>
		<subfield code="a">ابو شجاع الاصفهاني، احمد بن الحسين،</subfield>
		<subfield code="d">approximately 1042-</subfield>
		<subfield code="t">مختصر في الفقه على مذهب الشافعي.</subfield>
	</datafield>
	<datafield ind1=" " ind2=" " tag="959">
		<subfield code="a">NNU</subfield>
		<subfield code="b">WEB</subfield>
		<subfield code="c">GENI</subfield>
		<subfield code="t">0</subfield>
		<subfield code="m">Electronic access</subfield>
		<subfield code="s">01</subfield>
	</datafield>
	<datafield ind1=" " ind2=" " tag="999">
		<subfield code="i">NNC_32234</subfield>
		<subfield code="o">(OCoLC)ocm40223384</subfield>
		<subfield code="s">columbia_aco004183</subfield>
		<subfield code="e">(ERROR-880)(ERROR-MISC)</subfield>
		<subfield code="s">columbia_aco004183</subfield>
	</datafield>
</record>
